<?xml version="1.0" encoding="UTF-8"?><collection xmlns="http://www.loc.gov/MARC21/slim"><record><leader>00496nam--2200145-i-4500</leader><controlfield tag="001">000022996</controlfield><controlfield tag="002">20161230</controlfield><controlfield tag="005">20161230201034</controlfield><controlfield tag="008">060222s1000------------r-----000-0-eng-d</controlfield><datafield ind1=" " ind2=" " tag="080"><subfield code="a">621.3.029.6:543.422.2:621.37.029.6</subfield></datafield><datafield ind1=" " ind2=" " tag="100"><subfield code="a">Grivet, P</subfield></datafield><datafield ind1=" " ind2=" " tag="245"><subfield code="a">Physique des lignes de haute frequence et d`ultra-haute frequence. tom 1: parametres primaires et secondaires. ondes progressives, impulsions</subfield></datafield><datafield ind1=" " ind2=" " tag="260"><subfield code="a">Paris, Masson 1969. Vii + 455p</subfield></datafield><datafield ind1=" " ind2=" " tag="490"><subfield code="a">Monographie D`Electronique</subfield></datafield><datafield ind1=" " ind2=" " tag="852"><subfield code="a">33320</subfield></datafield></record></collection>